%YAML 1.1
%TAG !u! tag:unity3d.com,2011:
--- !u!1 &8780127568115099892
GameObject:
  m_ObjectHideFlags: 0
  m_CorrespondingSourceObject: {fileID: 0}
  m_PrefabInstance: {fileID: 0}
  m_PrefabAsset: {fileID: 0}
  serializedVersion: 6
  m_Component:
  - component: {fileID: 5754318573776651101}
  m_Layer: 0
  m_Name: TrippleShot
  m_TagString: Untagged
  m_Icon: {fileID: 0}
  m_NavMeshLayer: 0
  m_StaticEditorFlags: 0
  m_IsActive: 1
--- !u!4 &5754318573776651101
Transform:
  m_ObjectHideFlags: 0
  m_CorrespondingSourceObject: {fileID: 0}
  m_PrefabInstance: {fileID: 0}
  m_PrefabAsset: {fileID: 0}
  m_GameObject: {fileID: 8780127568115099892}
  m_LocalRotation: {x: 0, y: 0, z: 0, w: 1}
  m_LocalPosition: {x: 0, y: 0, z: 0}
  m_LocalScale: {x: 1, y: 1, z: 1}
  m_Children:
  - {fileID: 6051947660265100708}
  - {fileID: 4476232986096753464}
  - {fileID: 4718394271133036429}
  m_Father: {fileID: 0}
  m_RootOrder: 0
  m_LocalEulerAnglesHint: {x: 0, y: 0, z: 0}
--- !u!1001 &2202685250146888159
PrefabInstance:
  m_ObjectHideFlags: 0
  serializedVersion: 2
  m_Modification:
    m_TransformParent: {fileID: 5754318573776651101}
    m_Modifications:
    - target: {fileID: 2346169521281282585, guid: 3d78375e3303bc2429b3d1a30eada029,
        type: 3}
      propertyPath: m_Name
      value: Left_Laser
      objectReference: {fileID: 0}
    - target: {fileID: 2346169521281282791, guid: 3d78375e3303bc2429b3d1a30eada029,
        type: 3}
      propertyPath: m_LocalPosition.x
      value: -0.56
      objectReference: {fileID: 0}
    - target: {fileID: 2346169521281282791, guid: 3d78375e3303bc2429b3d1a30eada029,
        type: 3}
      propertyPath: m_LocalPosition.y
      value: 0.024
      objectReference: {fileID: 0}
    - target: {fileID: 2346169521281282791, guid: 3d78375e3303bc2429b3d1a30eada029,
        type: 3}
      propertyPath: m_LocalPosition.z
      value: 0
      objectReference: {fileID: 0}
    - target: {fileID: 2346169521281282791, guid: 3d78375e3303bc2429b3d1a30eada029,
        type: 3}
      propertyPath: m_LocalRotation.x
      value: -0
      objectReference: {fileID: 0}
    - target: {fileID: 2346169521281282791, guid: 3d78375e3303bc2429b3d1a30eada029,
        type: 3}
      propertyPath: m_LocalRotation.y
      value: -0
      objectReference: {fileID: 0}
    - target: {fileID: 2346169521281282791, guid: 3d78375e3303bc2429b3d1a30eada029,
        type: 3}
      propertyPath: m_LocalRotation.z
      value: -0
      objectReference: {fileID: 0}
    - target: {fileID: 2346169521281282791, guid: 3d78375e3303bc2429b3d1a30eada029,
        type: 3}
      propertyPath: m_LocalRotation.w
      value: 1
      objectReference: {fileID: 0}
    - target: {fileID: 2346169521281282791, guid: 3d78375e3303bc2429b3d1a30eada029,
        type: 3}
      propertyPath: m_RootOrder
      value: 1
      objectReference: {fileID: 0}
    - target: {fileID: 2346169521281282791, guid: 3d78375e3303bc2429b3d1a30eada029,
        type: 3}
      propertyPath: m_LocalEulerAnglesHint.x
      value: 0
      objectReference: {fileID: 0}
    - target: {fileID: 2346169521281282791, guid: 3d78375e3303bc2429b3d1a30eada029,
        type: 3}
      propertyPath: m_LocalEulerAnglesHint.y
      value: 0
      objectReference: {fileID: 0}
    - target: {fileID: 2346169521281282791, guid: 3d78375e3303bc2429b3d1a30eada029,
        type: 3}
      propertyPath: m_LocalEulerAnglesHint.z
      value: 0
      objectReference: {fileID: 0}
    m_RemovedComponents: []
  m_SourcePrefab: {fileID: 100100000, guid: 3d78375e3303bc2429b3d1a30eada029, type: 3}
--- !u!4 &4476232986096753464 stripped
Transform:
  m_CorrespondingSourceObject: {fileID: 2346169521281282791, guid: 3d78375e3303bc2429b3d1a30eada029,
    type: 3}
  m_PrefabInstance: {fileID: 2202685250146888159}
  m_PrefabAsset: {fileID: 0}
--- !u!1001 &7058370045844315498
PrefabInstance:
  m_ObjectHideFlags: 0
  serializedVersion: 2
  m_Modification:
    m_TransformParent: {fileID: 5754318573776651101}
    m_Modifications:
    - target: {fileID: 2346169521281282585, guid: 3d78375e3303bc2429b3d1a30eada029,
        type: 3}
      propertyPath: m_Name
      value: Right_Laser
      objectReference: {fileID: 0}
    - target: {fileID: 2346169521281282791, guid: 3d78375e3303bc2429b3d1a30eada029,
        type: 3}
      propertyPath: m_LocalPosition.x
      value: 0.56
      objectReference: {fileID: 0}
    - target: {fileID: 2346169521281282791, guid: 3d78375e3303bc2429b3d1a30eada029,
        type: 3}
      propertyPath: m_LocalPosition.y
      value: 0.024
      objectReference: {fileID: 0}
    - target: {fileID: 2346169521281282791, guid: 3d78375e3303bc2429b3d1a30eada029,
        type: 3}
      propertyPath: m_LocalPosition.z
      value: 0
      objectReference: {fileID: 0}
    - target: {fileID: 2346169521281282791, guid: 3d78375e3303bc2429b3d1a30eada029,
        type: 3}
      propertyPath: m_LocalRotation.x
      value: -0
      objectReference: {fileID: 0}
    - target: {fileID: 2346169521281282791, guid: 3d78375e3303bc2429b3d1a30eada029,
        type: 3}
      propertyPath: m_LocalRotation.y
      value: -0
      objectReference: {fileID: 0}
    - target: {fileID: 2346169521281282791, guid: 3d78375e3303bc2429b3d1a30eada029,
        type: 3}
      propertyPath: m_LocalRotation.z
      value: -0
      objectReference: {fileID: 0}
    - target: {fileID: 2346169521281282791, guid: 3d78375e3303bc2429b3d1a30eada029,
        type: 3}
      propertyPath: m_LocalRotation.w
      value: 1
      objectReference: {fileID: 0}
    - target: {fileID: 2346169521281282791, guid: 3d78375e3303bc2429b3d1a30eada029,
        type: 3}
      propertyPath: m_RootOrder
      value: 2
      objectReference: {fileID: 0}
    - target: {fileID: 2346169521281282791, guid: 3d78375e3303bc2429b3d1a30eada029,
        type: 3}
      propertyPath: m_LocalEulerAnglesHint.x
      value: 0
      objectReference: {fileID: 0}
    - target: {fileID: 2346169521281282791, guid: 3d78375e3303bc2429b3d1a30eada029,
        type: 3}
      propertyPath: m_LocalEulerAnglesHint.y
      value: 0
      objectReference: {fileID: 0}
    - target: {fileID: 2346169521281282791, guid: 3d78375e3303bc2429b3d1a30eada029,
        type: 3}
      propertyPath: m_LocalEulerAnglesHint.z
      value: 0
      objectReference: {fileID: 0}
    m_RemovedComponents: []
  m_SourcePrefab: {fileID: 100100000, guid: 3d78375e3303bc2429b3d1a30eada029, type: 3}
--- !u!4 &4718394271133036429 stripped
Transform:
  m_CorrespondingSourceObject: {fileID: 2346169521281282791, guid: 3d78375e3303bc2429b3d1a30eada029,
    type: 3}
  m_PrefabInstance: {fileID: 7058370045844315498}
  m_PrefabAsset: {fileID: 0}
--- !u!1001 &8319154474086704963
PrefabInstance:
  m_ObjectHideFlags: 0
  serializedVersion: 2
  m_Modification:
    m_TransformParent: {fileID: 5754318573776651101}
    m_Modifications:
    - target: {fileID: 2346169521281282585, guid: 3d78375e3303bc2429b3d1a30eada029,
        type: 3}
      propertyPath: m_Name
      value: Center_Laser
      objectReference: {fileID: 0}
    - target: {fileID: 2346169521281282791, guid: 3d78375e3303bc2429b3d1a30eada029,
        type: 3}
      propertyPath: m_LocalPosition.x
      value: 0
      objectReference: {fileID: 0}
    - target: {fileID: 2346169521281282791, guid: 3d78375e3303bc2429b3d1a30eada029,
        type: 3}
      propertyPath: m_LocalPosition.y
      value: 0.93
      objectReference: {fileID: 0}
    - target: {fileID: 2346169521281282791, guid: 3d78375e3303bc2429b3d1a30eada029,
        type: 3}
      propertyPath: m_LocalPosition.z
      value: 0
      objectReference: {fileID: 0}
    - target: {fileID: 2346169521281282791, guid: 3d78375e3303bc2429b3d1a30eada029,
        type: 3}
      propertyPath: m_LocalRotation.x
      value: -0
      objectReference: {fileID: 0}
    - target: {fileID: 2346169521281282791, guid: 3d78375e3303bc2429b3d1a30eada029,
        type: 3}
      propertyPath: m_LocalRotation.y
      value: -0
      objectReference: {fileID: 0}
    - target: {fileID: 2346169521281282791, guid: 3d78375e3303bc2429b3d1a30eada029,
        type: 3}
      propertyPath: m_LocalRotation.z
      value: -0
      objectReference: {fileID: 0}
    - target: {fileID: 2346169521281282791, guid: 3d78375e3303bc2429b3d1a30eada029,
        type: 3}
      propertyPath: m_LocalRotation.w
      value: 1
      objectReference: {fileID: 0}
    - target: {fileID: 2346169521281282791, guid: 3d78375e3303bc2429b3d1a30eada029,
        type: 3}
      propertyPath: m_RootOrder
      value: 0
      objectReference: {fileID: 0}
    - target: {fileID: 2346169521281282791, guid: 3d78375e3303bc2429b3d1a30eada029,
        type: 3}
      propertyPath: m_LocalEulerAnglesHint.x
      value: 0
      objectReference: {fileID: 0}
    - target: {fileID: 2346169521281282791, guid: 3d78375e3303bc2429b3d1a30eada029,
        type: 3}
      propertyPath: m_LocalEulerAnglesHint.y
      value: 0
      objectReference: {fileID: 0}
    - target: {fileID: 2346169521281282791, guid: 3d78375e3303bc2429b3d1a30eada029,
        type: 3}
      propertyPath: m_LocalEulerAnglesHint.z
      value: 0
      objectReference: {fileID: 0}
    m_RemovedComponents: []
  m_SourcePrefab: {fileID: 100100000, guid: 3d78375e3303bc2429b3d1a30eada029, type: 3}
--- !u!4 &6051947660265100708 stripped
Transform:
  m_CorrespondingSourceObject: {fileID: 2346169521281282791, guid: 3d78375e3303bc2429b3d1a30eada029,
    type: 3}
  m_PrefabInstance: {fileID: 8319154474086704963}
  m_PrefabAsset: {fileID: 0}
